<record><leader>00000cas a2200000 a 4500</leader><controlfield tag="001">9447277</controlfield><controlfield tag="008">830425d19251992vaudn ne      0    0eng c</controlfield><datafield ind1=" " ind2=" " tag="010"><subfield code="a">sn 83045370 </subfield></datafield><datafield ind1=" " ind2=" " tag="040"><subfield code="a">CRL</subfield><subfield code="b">eng</subfield><subfield code="c">CRL</subfield><subfield code="d">NPW</subfield><subfield code="d">DLC</subfield><subfield code="d">NLG</subfield><subfield code="d">KNP</subfield><subfield code="d">EBZ</subfield><subfield code="d">MGN</subfield><subfield code="d">CRL</subfield><subfield code="d">NVK</subfield><subfield code="d">DLC</subfield><subfield code="d">OCLCQ</subfield><subfield code="d">OCLCF</subfield><subfield code="d">OCLCO</subfield><subfield code="d">VPI</subfield></datafield><datafield ind1="1" ind2=" " tag="029"><subfield code="a">NZ1</subfield><subfield code="b">16075995</subfield></datafield><datafield ind1=" " ind2=" " tag="042"><subfield code="a">pcc</subfield></datafield><datafield ind1=" " ind2=" " tag="043"><subfield code="a">n-us-va</subfield></datafield><datafield ind1="0" ind2="0" tag="050"><subfield code="a">Newspaper 10107</subfield></datafield><datafield ind1="0" ind2="4" tag="245"><subfield code="a">The Richmond news leader.</subfield></datafield><datafield ind1="1" ind2="3" tag="246"><subfield code="a">News leader</subfield></datafield><datafield ind1=" " ind2=" " tag="260"><subfield code="a">Richmond, Va. :</subfield><subfield code="b">John S. Bryan,</subfield><subfield code="c">1925-1992.</subfield></datafield><datafield ind1=" " ind2=" " tag="300"><subfield code="a">v. :</subfield><subfield code="b">ill. ;</subfield><subfield code="c">58 cm.</subfield></datafield><datafield ind1=" " ind2=" " tag="310"><subfield code="a">Daily (except Sunday)</subfield></datafield><datafield ind1="0" ind2=" " tag="362"><subfield code="a">No. 8,587 (Jan. 10, 1925)-no. 31,691 (May 30, 1992).</subfield></datafield><datafield ind1=" " ind2=" " tag="500"><subfield code="a">Publisher varies: David Tennant Bryan, &lt;1945-1977&gt; ; John Stewart Bryan, III, &lt;1978-1992&gt;.</subfield></datafield><datafield ind1=" " ind2=" " tag="525"><subfield code="a">Issued a Civil War Centennial Supplement on alternate Saturdays, Apr. 8-Nov. 18, 1961, called: The Richmond Journal, which contained news reprints from 1861.</subfield></datafield><datafield ind1=" " ind2=" " tag="530"><subfield code="a">Also issued on microfilm from Microfilming Corp. of America. and University Microfilms International.</subfield></datafield><datafield ind1=" " ind2="0" tag="651"><subfield code="a">Richmond (Va.)</subfield><subfield code="v">Newspapers.</subfield></datafield><datafield ind1=" " ind2="7" tag="651"><subfield code="a">Virginia</subfield><subfield code="z">Richmond.</subfield><subfield code="2">fast</subfield><subfield code="0">(OCoLC)fst01205345</subfield></datafield><datafield ind1=" " ind2="4" tag="651"><subfield code="a">Richmond (Va.)</subfield><subfield code="x">Newspapers.</subfield></datafield><datafield ind1=" " ind2="7" tag="655"><subfield code="a">Newspapers.</subfield><subfield code="2">fast</subfield><subfield code="0">(OCoLC)fst01423814</subfield></datafield><datafield ind1=" " ind2=" " tag="752"><subfield code="a">United States</subfield><subfield code="b">Virginia</subfield><subfield code="d">Richmond.</subfield></datafield><datafield ind1="0" ind2="0" tag="780"><subfield code="t">News leader (Richmond, Va.)</subfield><subfield code="w">(DLC)sn 85038622</subfield></datafield><datafield ind1="0" ind2="4" tag="785"><subfield code="t">Richmond times-dispatch</subfield><subfield code="w">(DLC)sn 83045389</subfield></datafield></record>